@book{Programaci√≥n ,
  title={Computational physics},
  author={Giordann N. J. y Nikanishi H},
  editor={Prentice Hall},
  year={2006},
  edition={2st},
  publisher={Purdue University},
  pages={180-185},
  isbn={0-306-47123-X}
}
@book{paper,
  title={Systematic investigation of scattering problems with the resonating-group method},
  author={Thompson D.R, Lemere M, Tang Y. C.},
  editor={North Holland Publishing Co},
  pages={53-66},
  publisher={University of Denver },
}